4484 5584
1095 501 1420 574 ...12-

462 689 530 762 „eo
546 666 672 766 proelio
695 689 813 758 mesa,
839 673 938 764 capta
961 666 1024 740 duo
1046 669 1153 742 millia
1174 669 1400 762 adam,
1430 675 1466 742 et
1487 666 1753 766 riqunilitria
1773 674 1904 744 centum
1927 673 2061 770 triginta

463 786 554 878 „duo
563 837 575 878 ,
602 808 702 882 equos
726 787 880 858 ducentos
897 787 1043 881 triginta.
1069 789 1185 860 aedem
1203 790 1303 861 etiam
1317 789 1390 861 lori
1400 788 1436 859 in
1450 813 1491 861 ea
1506 790 1634 886 proelio
1645 789 1766 882 rebem,
1790 792 1892 862 sires
1903 815 2061 888 perpere

463 911 586 1000 „gesta
608 911 706 980 esset.
761 901 873 976 Ceteri
897 903 1023 999 Graeci
1038 906 1218 1004 Latinique
1239 915 1410 999 meteres,
1436 918 1575 1004 quorun
1594 908 1725 1004 quidm
1746 930 1810 1003 eqo
1832 909 1901 1004 legi
1924 911 2062 984 rudes

461 1025 570 1116 „nibil
577 1023 788 1095 memorabile
804 1021 941 1097 aVillio
958 1033 1079 1118 actum,
1104 1029 1329 1123 integrumque
1341 1027 1465 1098 bellun
1475 1027 1699 1122 insequentem
1711 1027 1880 1098 cumin
1890 1028 2061 1125 accepire

462 1141 661 1235 „tradunt.“
684 1141 762 1214 libr.
779 1143 842 1214 37.
866 1167 898 1214 ι.
913 1145 985 1216 482
1011 1145 1089 1237 „bb
1103 1145 1222 1218 Fulvio
1243 1144 1417 1218 Nobiliore
1433 1153 1468 1216 et
1485 1143 1551 1217 (lm
1563 1142 2061 1240 Mentora-nemum,

460 1259 644 1354 „Valerius
668 1261 789 1332 Antias
811 1269 1016 1356 auctorest,
1049 1287 1213 1336 rumorem
1235 1265 1400 1336 celebrem
1415 1261 1545 1334 &mae
1565 1262 1687 1354 fuine,
1712 1303 1766 1319 -
1788 1261 1946 1336 Ruaris
1965 1263 2061 1339 lru'u

460 1381 567 1477 „quia
590 1379 752 1450 nemiuem
775 1379 875 1450 alium
899 1389 1065 1454 notorem
1086 1383 1213 1473 liabeo,
1242 1405 1349 1478 neque
1368 1381 1539 1454 adlirrnata
1559 1405 1615 1453 res
1633 1405 1710 1452 nea
1731 1381 1883 1478 opinione
1903 1381 1968 1475 sit,
1993 1407 2061 1459 uec

461 1521 548 1595 „pro
565 1519 649 1568 rana
669 1495 941 1593 praetenuissa.“
965 1500 1043 1570 libr.
1060 1499 1125 1572 40.
1144 1524 1177 1572 c.
1195 1499 1266 1573 2οε
1305 1499 1460 1592 „Allicit
1479 1499 1601 1571 Antias
1621 1497 1800 1591 Valerius,
1824 1499 2062 1598 Pythagoricos

461 1615 602 1708 „inissa
628 1615 780 1710 vulgatae
795 1616 950 1711 opinioni,
977 1639 1041 1712 qua
1056 1617 1217 1709 creditur,
1243 1615 1451 1713 Pythagorae
1466 1617 1647 1688 auditam
1667 1618 1772 1691 iubeo
1784 1617 1939 1710 Numam,
1963 1643 2061 1692 meu·

461 1731 585 1828 „dacio
609 1732 773 1831 probabili
795 1733 1043 1806 adcommodata
1061 1733 1166 1808 dde.“
1189 1737 1268 1808 libr.
1291 1737 1356 1808 42.
1385 1760 1418 1808 c.
1442 1738 1511 1807 lle
1561 1735 1737 1827 „Attalum
1743 1786 1756 1827 ,
1790 1737 1880 1832 regis
1899 1733 2060 1812 Euan

460 1851 634 1946 „lratrem,
660 1852 803 1945 legatum
818 1851 946 1924 venisse
962 1851 1122 1944 Romam,
1149 1851 1308 1926 Valerius
1319 1853 1440 1924 Antias
1461 1853 1515 1924 bis
1534 1855 1723 1926 consulibus
1740 1855 1875 1946 omitit,
1900 1854 1944 1927 ad
1963 1855 2061 1929 dele-

394 1991 396 1996 ·
460 1970 590 2063 „reuda
603 1971 645 2041 dc
662 1969 787 2041 Perseo
801 1971 949 2062 crimina,
975 1971 1230 2067 indicandosque
1247 1969 1526 2068 adpnmtusbelli.
1575 1971 1726 2044 Pluriuur
1748 1973 1900 2064 males,
1923 1980 1959 2044 et
1980 1976 2058 2070 qni·

460 2090 548 2182 „bue
559 2087 737 2160 credidisse
750 2087 859 2179 malis,
884 2089 988 2185 ipsum
1002 2087 1186 2160 Eumenem
1201 2090 1331 2160 venisse
1346 2089 1528 2162 tradunt-‘2
1540 2088 1618 2159 libr.
1631 2089 1696 2160 44.
1713 2113 1746 2160 c.
1766 2091 1836 2164 132
1886 2089 1969 2182 „lle
1979 2090 2059 2166 En·

459 2229 582 2301 „mene
603 2229 682 2300 rege
704 2206 803 2301 louge
827 2207 956 2277 diversa
979 2205 1124 2278 tradunt.
1175 2204 1218 2278 si
1239 2198 1378 2277 Valerio
1402 2205 1533 2276 Antiati
1555 2205 1690 2296 credas,
1714 2209 1809 2278 etc.“
1832 2206 1880 2280 cl.
1895 2209 1973 2282 libr.
1992 2211 2057 2286 20.

461 2348 493 2398 o.
511 2323 575 2397 40.
589 2325 666 2396 libr.
682 2324 744 2394 28.
763 2347 795 2394 c.
811 2323 876 2396 40.
890 2324 966 2396 bbr.
985 2323 1048 2397 30.
1066 2347 1099 2397 ι.
1116 2320 1181 2396 20.
1196 2323 1274 2397 libr.
1287 2323 1351 2396 33.
1368 2347 1402 2396 c.
1417 2323 1481 2398 30.
1494 2323 1573 2396 bbr.
1587 2322 1651 2399 35.
1667 2348 1700 2398 c.
1717 2325 1755 2397 2.
1768 2324 1847 2400 libr.
1869 2327 1933 2401 37.
1949 2328 2056 2403 ι.00.

458 2441 537 2516 libr.
554 2439 618 2514 30.
633 2465 664 2514 ι.
682 2441 747 2512 22.
769 2447 804 2512 et
816 2464 849 2513 c.
866 2437 929 2514 52.

561 2629 658 2702 Haec
673 2613 760 2722 surlt,
787 2655 869 2727 quae
886 2627 1003 2702 Livius
1011 2627 1150 2702 Valerio
1163 2628 1240 2703 ritio
1252 2627 1351 2702 vertit
1360 2635 1394 2702 et
1408 2629 1449 2702 ob
1468 2601 1550 2726 qnae
1570 2627 1741 2702 annalibus
1757 2629 1826 2702 eius
1842 2626 1938 2701 iidem
1950 2655 2059 2728 paene

459 2747 588 2821 omnino
612 2748 797 2848 derogarit3
822 2750 857 2820 in
879 2750 921 2822 iis
939 2757 1047 2823 tanen
1063 2747 1210 2821 bomines
1232 2749 1320 2822 docti
1332 2749 1527 2820 recentioris
1543 2749 1679 2840 aetatis,
1706 2756 1740 2820 et
1762 2747 1902 2819 maxime
1926 2749 2054 2844 quidem

458 2863 657 2938 Nicbnbrias
675 2890 716 2938 ec
731 2864 984 2958 Lacbmanrrus,
1011 2876 1047 2939 ut
1063 2867 1330 2962 acquiescerent,
1355 2875 1484 2938 tanturn
1499 2865 1621 2956 abluit,
1647 2874 1694 2957 ut,
1720 2890 1930 2964 quaecunque
1946 2889 2054 2939 rerum

316 3064 319 3070 ,
453 2990 624 3078 gestarum
646 2983 814 3078 scriptoris
831 2985 1055 3056 auctoritatem
1077 2984 1268 3055 imminuere
1290 2991 1443 3080 possunt,
1478 2983 1548 3054 lere
1569 2983 1678 3055 omnia
1696 2984 1731 3053 in
1753 2982 1921 3055 Antiatem
1942 2976 2052 3056 bansss

457 3099 582 3173 ferrent
597 3101 691 3198 eique
715 3103 960 3198 exprobrarent.
1011 3099 1074 3175 Sic
1086 3100 1338 3194 Lacbmaunus,
1365 3100 1696 3197 quocummarimam
1710 3109 1836 3200 partem
1856 3095 2053 3175 Niebubrios

458 3220 631 3311 censentit,
659 3217 840 3292 Commeat.
857 3219 890 3291 I.
910 3245 968 3316 pg.
983 3219 1033 3292 37
1048 3244 1099 3316 sq.
1125 3217 1314 3310 Valerium,
1343 3218 1427 3314 quod
1448 3199 1644 3313 „gentilium
1667 3244 1798 3302 suorum
1820 3221 1881 3310 (cl.
1898 3246 1955 3317 pq.
1970 3213 2050 3318 03.)

457 3345 491 3411 et
505 3336 728 3410 Romanorum
743 3337 841 3410 nimia
856 3338 962 3410 studio
976 3362 1084 3410 rerum
1099 3344 1304 3408 narratarum
1320 3318 1546 3432 amplificator,
1569 3360 1673 3420 noras
1688 3345 1723 3407 et
1737 3337 1903 3410 mirabiles
1919 3363 1973 3410 res
1990 3334 2051 3428 (ci.

457 3453 640 3530 Commeat.
656 3454 707 3528 H.
724 3481 780 3554 pg.
798 3456 877 3550 26.)
901 3455 1087 3553 proferendi
1103 3454 1258 3552 cupidus,
1285 3451 1524 3526 Graecularmn
1542 3453 1726 3526 fabularum
1742 3462 1775 3525 et
1789 3449 2052 3552 etymologiarum

457 3577 628 3646 scctatar“
653 3574 771 3666 luerit,
801 3575 930 3647 incusat
947 3581 1121 3670 censetque
1145 3571 1327 3645 Commeat.
1342 3570 1394 3644 H.
1417 3597 1473 3670 pg.
1493 3571 1556 3644 25.
1583 3573 1658 3644 aliis
1673 3571 1772 3644 etiam
1789 3572 1871 3644 locis
1888 3596 1940 3664 ca,
1966 3597 2049 3670 quae
2208 3646 2209 3681 p

455 3690 574 3764 Livius
591 3692 721 3764 nornine
746 3715 812 3765 non
834 3692 982 3790 apposito
1008 3689 1200 3791 chalerii
1216 3690 1387 3762 annalibus
1408 3692 1605 3787 sumpserit,
1629 3713 1672 3761 ex
1688 3689 1769 3787 ipsis
1789 3693 1932 3764 numeris
1951 3690 2050 3764 lacile
2150 3704 2154 3708 ’
2208 3726 2209 3755 ι

456 3833 555 3908 posse
583 3811 728 3906 agnosci.
780 3811 884 3882 Addit
912 3833 1010 3907 porro
1032 3809 1170 3880 ibidem:
1228 3807 1445 3902 „Praeterea
1467 3805 1696 3878 malevolentia
1720 3831 1846 3905 quoque
1867 3818 1901 3880 ct
1921 3809 2067 3905 magnis‘
2208 3828 2209 3859 ¹

455 3928 663 4022 „bominibus
680 3928 871 4001 detrahendi
886 3927 1025 4000 studium
1042 3928 1076 3998 in
1089 3927 1154 3998 boc
1169 3927 1329 4022 scriptore
1345 3925 1447 3996 luisse
1462 3924 1596 4015 ridetur,
1623 3949 1718 4021 quem
1735 3925 1797 3997 bac
1813 3927 1886 3998 sola
1900 3951 1937 3998 re
1945 3925 2049 4030 Dioni

453 4045 599 4140 „Cassio
620 4045 760 4118 similem
784 4046 886 4118 luisse
906 4045 1097 4142 putaverim.
1147 4044 1299 4142 Apparet
1316 4067 1335 4116 e
1350 4043 1447 4134 loeo,
1472 4043 1527 4138 qui
1553 4043 1640 4140 apud
1659 4040 1806 4141 Genium
1829 4045 1950 4140 legitur
1970 4046 2048 4118 libr..
2208 4028 2209 4045 .

452 4165 546 4258 ‚‚VI,
564 4167 601 4238 8.
638 4162 957 4237 canomannica
979 4165 1037 4236 alii
1053 4163 1231 4262 scriptores
1251 4163 1295 4234 de
1311 4161 1439 4234 reddita
1458 4159 1593 4232 Allucio
1616 4186 1737 4258 sponsa
1759 4161 1988 4258 tradidissent,
2015 4171 2049 4234 et
2208 4226 2209 4229 ,

452 4269 542 4377 ,,1ιιι
566 4283 732 4380 egregium
756 4305 899 4354 summae
925 4284 1160 4378 temperantiae
1181 4281 1364 4377 exemplum
1388 4277 1586 4374 ascipime
1600 4279 1723 4352 editum
1737 4279 1948 4376 amplissimis
1968 4281 2047 4352 lau·

290 4445 292 4448 ·
452 4401 573 4494 „dibus
596 4401 834 4492 celebrassent,
866 4400 955 4474 solus
967 4399 1032 4470 illc
1054 4400 1198 4495 puellam
1219 4423 1240 4470 a
1260 4397 1418 4496 Scipione
1445 4394 1605 4468 redditam
1626 4397 1774 4492 negarit,
1806 4398 1866 4468 sed
1884 4399 2044 4470 retentam

451 4529 574 4616 „atquc
593 4519 628 4588 in
645 4515 771 4591 deliciis
787 4519 1012 4617 amoribusque
1039 4518 1080 4590 ab
1097 4541 1138 4592 ca
1157 4526 1374 4618 usurpatam.
1406 4513 1512 4588 blind
1523 4513 1696 4590 eiusdem
1684 4515 1808 4612 mgenir
1797 4514 1979 4655 indicium
1994 4525 2047 4590 est

450 4637 563 4736 „apud
581 4635 661 4712 Lir.
677 4637 741 4730 44,
759 4639 818 4710 13.
822 4640 847 4682 “
