4484 5584
863 483 1191 576 -21-7-

230 657 317 732 bium
338 659 536 734 <Labeonem
561 657 796 754 biumpbessep
819 655 875 728 rix
899 662 1007 730 autom
1031 649 1211 750 triumphus
1236 651 1398 727 decretus·
1412 653 1451 725 ei
1467 651 1604 746 1515551,
1635 651 1665 726 si
1689 659 1824 751 praeter

231 775 403 875 Gortynios
433 779 525 850 nulla
550 777 754 852 Cretensium
784 775 899 848 ciritae
925 773 1070 872 captivos
1094 773 1266 846 Romanos
1295 780 1393 869 atque
1414 773 1530 847 Italici
1548 773 1683 869 generis
1707 771 1826 846 reddi-

230 896 344 971 disset.
397 896 529 970 Deinde
553 919 630 970 uera
655 896 807 988 arbitror,
833 917 916 992 quae
942 914 996 991 op.
1022 891 1101 966 Lir.
1126 888 1204 964 libr.
1222 893 1286 966 28.
1312 915 1345 964 5.
1363 891 1428 966 46.
1453 900 1489 965 et
1511 892 1590 968 bor.
1616 891 1680 965 36.
1705 914 1737 964 o.
1755 892 1824 971 36.

148 1039 153 1044 ’
227 1016 290 1106 (51.
315 1015 458 1088 15515.
493 1014 732 1088 Commentl.
765 1037 821 1112 55.
848 1014 929 1112 67.)
962 1013 1126 1108 leguntur.
1177 1007 1267 1083 Tum
1300 1032 1383 1108 quos
1405 1011 1528 1085 Antias
1552 1018 1586 1082 et
1610 1010 1655 1101 Q.
1682 1010 1823 1086 Tubero

229 1133 274 1206 cl.
288 1131 368 1206 Lir.
394 1135 468 1206 libr.
489 1137 533 1208 -4,
560 1159 592 1206 5.
620 1136 682 1206 23.
709 1135 874 1206 consoles·
887 1129 951 1230 (a.·
964 1128 1069 1228 321.)
1095 1138 1262 1222 vocarunt,
1289 1131 1315 1202 ii
1339 1153 1418 1202 uere
1442 1130 1563 1202 ommi
1580 1122 1727 1201 'officum
1741 1128 1821 1203 lue·

226 1259 312 1335 runt,
338 1261 434 1349 atquo
457 1252 508 1324 M.
534 1252 663 1325 Manlio
687 1261 723 1324 et
745 1253 790 1342 Q.
807 1245 957 1347 Sulpicio
980 1248 1097 1320 155155
1123 1248 1346 1343 adiungendus
1371 1247 1449 1322 Ser.
1476 1247 1650 1324 Cornelios
1675 1246 1823 1339 6555555

226 1371 327 1442 multo
353 1371 591 1466 5551515555
604 1369 758 1444 Licinius
783 1368 920 1460 Macer,
947 1392 1041 1465 quem
1053 1365 1172 1438 Livius
1197 1374 1329 1440 secutos
1354 1375 1416 1458 est,
1443 1367 1575 1440 emovit.
1625 1365 1704 1439 Non
1728 1374 1821 1440 recto

224 1487 458 1562 Laebmaunus
484 1487 668 1562 Commeat.
694 1485 726 1560 Ι.
760 1511 817 1584 55.
843 1486 907 1560 eo.
941 1485 1068 1558 Licinii
1093 1485 1245 1557 consoles
1271 1483 1435 1578 defendit,
1461 1507 1612 1576 censens,
1637 1485 1730 1556 illum
1755 1508 1821 1556 au·

224 1627 300 1678 num
334 1615 368 1679 et
401 1607 553 1680 consules
587 1615 620 1680 et
652 1607 799 1680 tribunos
822 1605 961 1676 militum
986 1604 1152 1675 habuisse.
1181 1602 1236 1675 cl.
1252 1601 1414 1676 Niebuhr.
1440 1602 1488 1676 ll.
1512 1602 1561 1677 R.
1592 1601 1637 1675 Τ.
1661 1600 1715 1675 Π.
1740 1623 1819 1698 555.

224 1725 315 1798 449.
342 1725 418 1798 515.
446 1725 535 1800 856.
562 1723 700 1797 ebolo
752 1721 881 1796 Eodem
907 1745 1003 1814 anno,
1031 1725 1093 1817 quo
1117 1721 1252 1815 Antias,
1278 1723 1328 1812 (a.
1356 1719 1445 1794 571.
1471 1721 1516 1794 51.
1542 1719 1621 1793 Lir.
1647 1721 1724 1793 hbr.
1752 1721 1820 1794 39.

223 1866 257 1916 5.·
283 1843 540 1933 5651161555,
580 1843 626 1914 cl.
653 1841 755 1913 Corn.
780 1839 870 1934 Nep.
902 1839 1015 1910 11555.
1040 1863 1071 1910 5.
1098 1839 1180 1930 ult,
1222 1839 1363 1936 scriptor
1387 1841 1423 1912 in
1446 1841 1546 1913 rebus
1571 1839 1820 1912 eiusmodilido

223 1959 445 2054 dignissimus,
469 1959 691 2030 llanuibnlem
714 1964 874 2030 mortuum
900 1980 974 2029 esse
995 1955 1148 2053 prodidit.
1198 1955 1287 2050 Nee,
1312 1983 1409 2054 quum
1433 1957 1540 2055 Illyrii
1563 1958 1818 2057 5551155515-

223 2086 355 2171 555551,
388 2077 484 2150 nimis
510 2085 608 2149 aucto
632 2074 710 2148 mibi
743 2075 869 2148 videtur
892 2073 1035 2171 pracda,
1073 2098 1170 2170 quam
1202 2075 1310 2149 1555
1333 2078 1455 2174 populo
1481 2075 1668 2174 Gentioque
1692 2100 1771 2174 rege
1797 2101 1819 2150 5

221 2193 383 2269 Romanis
416 2203 543 2293 partam
576 2190 733 2266 Valerius
766 2192 811 2266 cl.
842 2190 923 2265 Lir.
953 2193 1030 2264 libr.
1065 2193 1129 2264 45.
1163 2217 1196 2265 5.
1221 2195 1286 2266 43.
1315 2197 1507 2292 scripserat.
1557 2194 1683 2268 Iniuria
1715 2219 1814 2293 porro

219 2313 383 2388 fficium.
407 2313 455 2387 11.
481 2310 528 2385 R.
555 2311 604 2383 Τ.
629 2311 662 2383 Ι.
687 2335 744 2408 55.
771 2309 860 2383 525.
887 2310 940 2383 51.
967 2310 1026 2382 alt.
1060 2317 1129 2382 tam
1151 2311 1359 2384 rebementer
1388 2314 1424 2384 in
1447 2314 1618 2387 Antiatem
1642 2313 1815 2405 inrebitor,

218 2439 423 2523 narrantem,
468 2429 517 2503 L.
546 2427 763 2526 Tarquinium
792 2427 947 2502 Priscum
983 2452 1024 2500 er
1060 2429 1187 2524 praeda
1209 2429 1424 2528 Apiolarum,
1466 2432 1579 2529 oppidi
1603 2431 1814 2524 Latinorum,

222 2547 420 2646 Capitolium
441 2549 656 2621 iucboovisse.
710 2545 834 2620 Confer
856 2546 995 2643 Dionys.
1018 2547 1095 2620 libr.
1116 2545 1150 2620 I.
1173 2571 1206 2620 c.
1228 2546 1292 2621 49.
1316 2549 1383 2620 bbr
1405 2548 1477 2620 III.
1502 2573 1535 2622 5.
1559 2548 1623 2624 69.
1644 2550 1720 2621 libr.
1743 2549 1812 2622 Ν.

222 2689 254 2740 5.
282 2664 345 2739 59.
352 2717 365 2758 ,
390 2665 469 2739 Lir.
492 2667 569 2739 libr.
592 2665 626 2738 1.
650 2691 682 2740 o.
707 2665 770 2740 35.
791 2671 826 2739 ct
849 2689 882 2738 c.
907 2665 970 2738 38.
992 2672 1076 2738 extr.
1091 2660 1132 2758 ¹),
1162 2665 1394 2739 Wacbumutlr.
1417 2665 1597 2764 H.R.pg.
1616 2668 1704 2742 176.
1754 2666 1813 2740 115

218 2783 361 2876 nomine,
378 2785 464 2882 quod
477 2783 587 2859 Seruii
594 2784 703 2858 Tullii
719 2783 817 2858 uxori
833 2807 887 2882 op.
903 2781 996 2856 Plnt.
1010 2782 1164 2856 1111551.
1172 2782 1315 2857 Roman.
1330 2810 1363 2858 c.
1381 2787 1442 2858 10.
1460 2785 1568 2879 datur,
1594 2785 1639 2859 cf.
1649 2784 1810 2859 Niebulrr.

217 2901 266 2975 Η.
288 2901 335 2974 ll.
360 2899 408 2974 Τ.
427 2901 460 2975 Ι.
483 2926 540 3001 55.
562 2902 650 2976 376.
678 2901 753 2976 515.
779 2903 869 2976 838.
894 2900 948 2974 51.
972 2902 1031 2973 ult.
1083 2899 1228 3000 Saepius
1250 2900 1381 2976 Valerii
1403 2904 1642 2997 remotionem,
1680 2904 1811 2977 nomine

214 3021 455 3120 nonapposito,
487 3019 605 3094 Liuius
617 3019 776 3114 reddidit,
811 3019 857 3094 cf.
880 3017 1059 3094 Asconio
1076 3017 1266 3096 Corneliam.
1292 3021 1336 3096 P.
1359 3019 1412 3095 Π.
1437 3049 1495 3120 55.
1523 3022 1588 3097 69.
1614 3024 1667 3097 51.
1695 3021 1806 3097 Orcll.

217 3162 291 3213 cum
311 3137 390 3213 Lir.
410 3141 488 3212 libr.
513 3139 576 3212 34.
607 3163 639 3212 5.
668 3139 755 3231 44.,
796 3135 969 3211 Censorio.
996 3137 1030 3210 d.
1055 3137 1089 3210 1.
1122 3164 1159 3212 5.
1189 3163 1222 3212 5.
1255 3140 1315 3212 17.
1348 3139 1477 3234 (Oros.
1501 3141 1579 3214 libr.
1604 3140 1653 3214 V.
1684 3166 1717 3215 5.
1748 3142 1809 3215 16.

217 3281 292 3330 555
314 3256 394 3332 Liv.
417 3257 511 3355 Epit.
536 3259 614 3331 libr.
631 3255 711 3356 67.)
738 3254 823 3331 Cum
848 3253 964 3330 Coelio
979 3253 1138 3330 Valerius
1151 3257 1315 3330 consentit
1328 3280 1384 3356 ap.
1399 3257 1479 3333 Lir.
1494 3260 1572 3334 libr.
1600 3260 1663 3334 29.
1689 3284 1722 3334 5.
1739 3256 1803 3332 35.

318 3442 393 3534 Qua
422 3443 550 3516 ratione
577 3467 679 3516 annos
703 3440 910 3540 computandi
937 3437 1059 3512 Antias
1083 3463 1162 3514 usus
1193 3441 1257 3533 sit,
1302 3464 1409 3539 noque
1433 3467 1476 3516 ex
1507 3443 1688 3521 Censorino
1714 3444 1747 3518 1.
1771 3443 1807 3518 1.

214 3583 250 3632 5.
281 3585 313 3633 5.
339 3562 419 3654 17.,
453 3585 558 3660 neque
592 3586 633 3634 er
657 3562 725 3634 ullo
748 3562 815 3634 alio
843 3561 918 3632 loco
941 3557 1099 3652 efficitur,
1139 3559 1326 3657 pariterque
1353 3584 1415 3633 uos
1439 3561 1522 3632 nibil
1552 3564 1806 3662 5515555555-

215 3676 355 3752 dandum
386 3687 438 3753 est
467 3681 657 3778 quaerenti,
699 3703 833 3778 ecquem
860 3679 1089 3769 uetustiormu,
1129 3679 1184 3774 qui
1217 3680 1352 3751 5555155
1382 3680 1613 3776 confecerunt,
1648 3682 1805 3757 Valerius

211 3820 292 3893 prae
326 3799 466 3872 caeteris
501 3809 631 3872 secutus
665 3799 720 3871 sit.
784 3798 867 3870 Inde
896 3799 1001 3890 enim,
1040 3797 1126 3895 quod
1159 3821 1225 3869 non
1255 3799 1357 3870 semel
1388 3824 1462 3872 cum
1492 3799 1617 3873 Pisone
1649 3803 1804 3894 concinit,

213 3939 310 4011 quum
330 3916 412 3989 alibi
435 3942 531 4015 quarn
552 3913 1455 4030 5551555155115555551,511115515515555151ἰ.
1505 3918 1682 4016 Perpauoa
1706 3919 1804 3992 ctiam
1910 3914 1914 3919 ’

212 4031 415 4130 damnante,
457 4036 573 4134 quibus
596 4039 696 4110 uerba
723 4035 797 4132 ipsa
815 4033 948 4107 Valerii
980 4034 1177 4126 redduntur,
1216 4036 1312 4107 nobis
1332 4045 1461 4110 serrata
1481 4045 1576 4130 sunt,
1614 4039 1663 4109 ita
1695 4042 1802 4107 utne

211 4173 314 4243 genus
341 4153 468 4249 quidem
501 4153 666 4226 scribendi
697 4178 944 4250 cognoscamus.
995 4151 1141 4224 Exstant
1174 4161 1281 4225 autern
1304 4155 1365 4226 illa
1388 4155 1572 4252 lrogmcnta
1597 4153 1682 4254 apud
1709 4151 1802 4227 Cho-

210 4265 271 4340 ris.
295 4268 371 4342 libr.
396 4269 448 4345 Π.
480 4297 538 4370 55.
570 4273 658 4348 186.
686 4271 739 4344 51.
762 4269 921 4363 Porsen,
950 4268 1119 4343 Priscian.
1141 4269 1219 4343 libr.
1246 4269 1333 4345 VII.
1362 4297 1395 4344 c.
1422 4275 1484 4345 13.
1518 4280 1603 4345 extr.
1628 4298 1685 4369 55.
1711 4273 1800 4348 339.

208 4433 445 4450 m.-

210 4611 215 4621 ,
260 4531 283 4598 ¹)
309 4531 406 4586 Livium
424 4535 551 4591 dicentem
569 4553 592 4590 5.
610 4541 659 4590 oce
675 4537 785 4605 „ltaque
802 4537 954 4591 Pometiuos
971 4535 1115 4598 manubiae,
1133 4551 1200 4601 quae
1215 4535 1380 4605 5551555515
1398 4535 1430 4588 od
1448 4537 1547 4590 coloreo
1565 4540 1638 4608 opert
1655 4540 1798 4593 destinatae

308 4621 507 4768 :qqntfiapirqiqq
529 4621 695 4758 5551555515
711 4623 939 4690 5555515555.ιι
961 4636 1012 4674 555
1031 4619 1136 4686 obloqui
1152 4621 1198 4686 ilo,
1222 4635 1290 4685 queo
1312 4637 1335 4673 5.
1353 4625 1396 4674 38.
1413 4625 1539 4688 numerio,
1556 4633 1666 4692 opponet
1682 4639 1715 4676 er
1726 4623 1794 4678 Dio·
