4484 5584
1064 487 1390 560 *lg-...-

436 655 644 732 Testimcuia
669 660 744 728 suut
765 653 848 746 loci,
882 677 962 752 quos
987 679 1087 754 snpra
1112 680 1154 729 ex
1179 653 1280 728 Livio
1303 652 1438 752 protuli.
1475 651 1526 727 At
1548 654 1689 753 primum
1712 653 1943 754 rosmundam
1966 664 2031 751 est,

437 799 664 872 nonnunquam
687 771 821 846 Liuium
845 773 890 846 cl.
908 774 985 848 libr.
1002 775 1066 848 38.
1091 799 1125 847 c.
1143 773 1206 846 55.
1228 772 1387 868 (Laclm.
1410 772 1595 848 Commeat.
1610 773 1664 846 Π.
1689 800 1747 871 pg.
1761 777 1843 867 82.)
1868 775 2032 872 corrup&

436 894 470 966 in
496 894 660 966 annalium
684 890 816 964 Valerii
840 893 967 986 codice,
994 917 1057 990 quo
1081 894 1245 984 utebatur,
1269 894 1413 964 numeris
1437 891 1611 989 deceptum
1634 887 1769 985 esso¹);
1794 892 1911 964 deiude
1926 917 2033 990 quse-

434 1013 582 1105 reudum,
607 1035 683 1083 nuru
698 1009 820 1084 Antias
845 1011 934 1084 solus
958 1012 1022 1084 bac
1045 1013 1081 1082 iu
1104 1035 1143 1082 re
1167 1009 1299 1084 modum
1313 1011 1505 1101 excesserit,
1530 1033 1574 1082 an
1597 1012 1723 1108 pariter
1746 1011 1806 1083 alii
1829 1011 1945 1084 eodem
1967 1036 2034 1086 ιο-

435 1132 521 1204 ruine
545 1130 749 1228 vituperandi
780 1129 862 1221 sint,
906 1137 940 1201 et
963 1153 1038 1200 num
1071 1129 1130 1200 ille
1153 1151 1307 1200 numeros
1335 1153 1412 1201 suos
1438 1130 1611 1202 ementitus
1636 1129 1700 1220 sit,
1744 1151 1788 1201 arr
1812 1128 1944 1202 aliunde
1969 1129 2033 1204 de·

433 1249 640 1347 prompserit.
691 1247 796 1344 Atqui
823 1245 995 1322 Claudium
1020 1245 1274 1341 Quadrigarium
1298 1269 1451 1318 nurneros
1475 1247 1637 1318 interdum
1660 1247 1715 1318 rel
1737 1247 1903 1340 maiores,
1937 1271 2035 1344 qaam

434 1365 626 1460 Valerium,
660 1367 867 1457 exhibuisse,
899 1363 1017 1436 Livius
1041 1365 1118 1436 libr.
1146 1365 1209 1435 38.
1236 1387 1268 1436 c.
1295 1364 1359 1436 23.
1385 1371 1420 1436 et
1445 1362 1587 1437 Orosius
1618 1364 1697 1436 libr.
1723 1363 1772 1437 V.
1805 1389 1838 1436 c.
1864 1366 1903 1438 6.
1929 1373 2035 1439 testes

434 1495 529 1574 suut3
569 1493 603 1556 et
629 1482 762 1556 Coelius
786 1483 982 1579 Antipater,
1014 1490 1124 1554 certus
1149 1480 1321 1554 Romanae
1345 1483 1504 1554 historiae
1529 1489 1644 1554 auctu
1676 1507 1698 1554 a
1721 1480 1862 1556 Valerio
1886 1481 2034 1558 Maximo

434 1601 511 1674 libr.
528 1601 562 1674 Ι.
588 1626 619 1674 c.
637 1603 675 1694 7,
692 1601 731 1674 6.
756 1608 910 1692 vocatus,
944 1622 1071 1695 neque,
1100 1605 1139 1670 ut
1161 1599 1308 1691 ridetur,
1332 1599 1471 1692 iniuria,
1496 1623 1563 1671 uon
1588 1608 1705 1674 exacto
1732 1600 1863 1697 quidem
1886 1625 2036 1696 numero,

435 1729 514 1818 quot
538 1721 658 1792 milites
684 1743 726 1791 er
751 1717 930 1792 Siciliain
954 1716 1106 1789 Airicam
1141 1741 1162 1788 a
1185 1714 1230 1788 P.
1256 1715 1415 1814 Scipione
1446 1720 1659 1816 transportati
1684 1725 1813 1811 essent,
1845 1718 1967 1816 edidit,
1999 1731 2037 1794 at

433 1846 544 1911 tamen
576 1839 641 1910 rim
666 1861 796 1930 eorum,
826 1844 997 1934 poetarum
1021 1858 1111 1908 more
1145 1835 1302 1927 dixerim,
1335 1836 1452 1908 mirum
1486 1843 1640 1932 quantum
1673 1839 1897 1934 exaggeravit.
1955 1836 2035 1912 Le-

436 1957 542 2054 gimus
568 1957 654 2028 enirn
680 1979 735 2052 ap.
760 1954 840 2027 Liv.
865 1953 943 2026 libr.
966 1952 1030 2026 26.
1056 1976 1088 2026 c.
1111 1951 1183 2026 25:
1218 1952 1399 2047 „Coelius,
1426 1961 1463 2025 ut
1487 1955 1630 2026 abstinet
1653 1978 1801 2046 nurnero,
1826 1956 1874 2026 itu
1899 1954 1943 2028 ad
1967 1957 2035 2028 im·

434 2099 607 2170 ,pneusum
625 2073 837 2145 multitudinis
856 2072 1000 2170 speciem
1015 2078 1126 2166 auget.
1177 2071 1344 2144 Volucres
1359 2070 1402 2142 ad
1415 2078 1535 2144 terram
1550 2072 1704 2169 delapsas
1728 2074 1872 2145 elamore
1896 2073 2036 2146 militum

435 2195 521 2287 „aiu
546 2201 733 2288 tantamque
757 2191 995 2262 multitudinem
1011 2189 1243 2260 conscendisse
1257 2213 1369 2279 nares,
1394 2197 1432 2260 ut
1445 2213 1542 2262 neruo
1557 2191 1754 2282 mortalium,
1781 2198 1838 2263 aut
1860 2191 1896 2262 in
1918 2191 2034 2284 Italia,

434 2318 519 2404 „aut
549 2311 586 2382 in
611 2308 730 2382 Sicilia
758 2307 899 2403 relinqui
921 2305 1129 2378 rideretur.“
1179 2305 1255 2379 Nec
1288 2305 1445 2380 Claudius
1479 2308 1715 2406 Quadrigarius
1741 2307 1937 2405 Coeliusque
1969 2311 2035 2384 soli

435 2427 532 2502 citari
554 2433 706 2524 possmt3
726 2425 804 2530 ¹irno
831 2424 901 2497 tere
926 2447 1038 2498 omnes
1063 2422 1287 2496 Romancmm
1311 2425 1510 2523 scriptores,
1541 2427 1596 2522 qui
1620 2451 1675 2500 res
1699 2427 1813 2524 populi
1837 2429 1888 2499 sui
1911 2428 2034 2501 litteris

432 2548 686 2636 mandaverunt,
725 2543 917 2638 saepissime
950 2566 1046 2640 quum
1078 2543 1120 2615 de
1153 2542 1272 2635 lacbs,
1305 2551 1374 2616 tum
1405 2545 1581 2642 praecipue
1615 2545 1656 2618 de
1690 2544 1833 2617 hostiurn
1862 2569 2033 2621 caesorum

433 2689 568 2738 numero
600 2663 805 2762 praedaeque
837 2669 952 2759 partae
977 2660 1199 2757 magnitudine
1224 2671 1397 2760 suspectae
1421 2671 1498 2734 sunt
1526 2662 1616 2734 fidei.
1675 2661 1876 2734 Manendum
1911 2672 2033 2758 tumen,

434 2783 541 2856 minus
571 2783 606 2854 id
640 2781 761 2852 dictum
793 2801 867 2852 esse
898 2780 934 2849 in
963 2779 1200 2852 vetustissimos
1232 2781 1397 2853 annalium
1429 2787 1600 2871 auctores,
1641 2805 1738 2878 quam
1771 2781 1807 2852 in
1840 2806 1915 2874 eos,
1950 2807 2032 2879 quoa

434 2897 662 2976 Gracchorum
688 2905 779 2970 aetas
805 2905 839 2968 et
862 2903 1009 2992 tempora
1031 2899 1201 2993 sequentia
1223 2899 1388 2990 tulerunt,
1425 2921 1489 2970 nec
1514 2921 1636 2970 causae
1660 2899 1768 2970 latent
1775 2950 1788 2991 ,
1823 2901 1865 2972 ob
1891 2925 1973 2996 quas
1997 2901 2032 2974 tri

434 3017 575 3091 manime
599 3013 682 3088 illud
706 3014 819 3086 uitium
843 3011 879 3083 iu
903 3037 940 3086 se
967 3013 1169 3088 admiserint.
1221 3013 1315 3087 Satis
1340 3016 1427 3086 euim
1452 3023 1591 3108 consmt,
1619 3017 1705 3114 apud
1718 3016 1888 3091 Romanos
1913 3043 2031 3092 nuum-

436 3157 596 3232 quemque
637 3133 708 3206 tere
744 3129 902 3202 familiam
940 3131 1134 3203 nobiliorem
1168 3155 1245 3204 suos
1279 3132 1431 3206 babuisse
1464 3134 1568 3206 libros
1602 3138 1872 3227 commentarios,
1916 3139 2033 3233 qmbns

435 3261 573 3324 stemma
587 3256 621 3324 et
635 3275 715 3347 quos
730 3249 940 3346 magistratus
954 3249 1076 3346 singuli
1091 3250 1306 3322 obtinuissent
1330 3275 1372 3324 ac
1397 3275 1480 3347 quae
1505 3253 1593 3324 domi
1616 3253 1815 3352 militiaeque
1839 3257 2032 3351 gessissent,

436 3371 629 3466 consignata
660 3374 775 3457 eraut3
826 3369 860 3438 bi
895 3377 1003 3441 autem
1037 3367 1115 3440 libri
1148 3370 1373 3442 commentarii
1404 3371 1491 3442 sicut
1521 3371 1631 3443 omnia
1654 3359 1860 3446 mouumer'rta
1885 3375 2034 3472 privatim

435 3495 580 3582 serrata,
607 3487 682 3560 dum
707 3485 860 3580 ,duruilia
885 3487 989 3559 adse
1014 3510 1160 3585 quaeque
1183 3486 1305 3561 lamam
1327 3513 1437 3562 rerum
1461 3495 1627 3585 gestarum
1651 3488 1871 3587 bonorumque
1896 3492 2032 3566 fallente

435 3606 637 3679 mendacio“
671 3602 765 3699 (Lis.
788 3605 865 3676 libr.
889 3605 927 3677 8.
961 3627 994 3676 c.
1017 3605 1097 3698 40.)
1126 3605 1298 3699 malet,
1340 3607 1601 3704 corruptionibus
1632 3608 1737 3680 omnis
1770 3611 1901 3705 generis
1935 3634 2038 3706 quara.

434 3725 576 3798 maxime
607 3723 746 3796 subiecti
777 3721 919 3795 luerunt.
982 3721 1088 3794 Multo
1122 3724 1221 3796 etiam
1252 3724 1475 3799 mendosiores
1507 3733 1541 3797 et
1572 3725 1625 3797 rel
1655 3727 1781 3799 minore
1815 3729 1879 3799 lide
1911 3728 2030 3822 dignae

434 3839 639 3916 laudationes
664 3841 744 3912 illae
768 3840 921 3911 funebres
945 3839 1115 3914 habendae
1140 3851 1226 3935 sunt,
1251 3843 1287 3913 in
1312 3844 1427 3938 quibus
1452 3842 1567 3933 multa,
1594 3866 1678 3938 quae
1702 3843 1794 3916 facta
1817 3870 1883 3916 uon
1908 3853 2029 3938 esseut,

435 3963 559 4060 scripto
583 3959 685 4031 tuisse
710 3965 836 4030 ueteres
862 3965 973 4054 aperte
999 3966 1171 4030 testantur.
1213 3957 1259 4032 ci.
1283 3957 1433 4032 Ellendt.
1459 3959 1502 4031 ad
1527 3958 1602 4036 Cic.
1627 3960 1725 4034 Brut.
1761 3987 1793 4035 c.
1815 3965 1876 4037 16.
1904 3959 1938 4060 §.
1964 3963 2029 4037 62.

432 4079 506 4154 lum
530 4103 607 4153 rere
632 4101 741 4175 quum,
767 4075 823 4172 qui
841 4100 895 4149 res
912 4073 1083 4150 Romanas
1099 4077 1245 4150 scribere
1271 4101 1484 4174 aggressums
1509 4085 1592 4171 erat,
1617 4103 1684 4152 non
1707 4081 1803 4154 modo
1829 4105 1870 4154 ea
1893 4081 2030 4154 reddere

435 4201 543 4292 vellet,
570 4221 653 4296 quae
677 4193 871 4268 uetustiores
897 4202 1119 4287 armaverant,
1146 4195 1205 4268 sed
1221 4196 1329 4293 potins
1351 4198 1460 4295 plura,
1484 4222 1580 4290 nora,
1605 4199 1762 4271 meliorat
1785 4200 1837 4271 illi
1862 4223 2031 4272 commen·

435 4315 513 4388 terii
536 4315 804 4411 laudatioucsque
829 4321 1028 4387 mortuorum
1052 4313 1160 4387 fontes
1192 4315 1347 4387 uberrimi
1377 4315 1460 4388 lacti
1483 4323 1559 4389 suut
1591 4315 1634 4387 ad
1657 4316 1825 4388 bistoriarn
1852 4326 1886 4389 et
1910 4318 2031 4415 ampli·

432 4433 594 4506 ficaudam
615 4439 648 4504 et
670 4432 919 4529 depravandam.
972 4429 1202 4526 Conseruntur,
1229 4457 1312 4529 quae
1330 4431 1491 4509 Niebuhr.
1516 4433 1609 4506 llist.
1634 4431 1681 4507 R.
1697 4433 1745 4508 Τ.
1761 4434 1813 4509 Π.
1838 4458 1896 4534 pg.
1921 4437 2028 4533 8sqq.

484 4679 511 4748 ¹)
534 4679 567 4734 ld
583 4677 679 4732 dietum
695 4679 820 4746 imprimis
836 4679 895 4736 roto
912 4679 946 4735 de
962 4681 1074 4736 numeris
1091 4687 1277 4737 unaarum
1294 4685 1428 4749 cuparum
1444 4699 1487 4752 ap.
1505 4682 1563 4738 Lir.
1580 4681 1637 4736 lr'cr.
1654 4686 1696 4736 ab.
1714 4698 1737 4734 c.
1754 4684 1797 4734 le.
