4484 5584
535 1248 1012 1364 VALERIUS
1074 1249 1450 1364 ANTIAS.

187 1861 294 1970 Inter
317 1895 510 1969 vetustiores
533 1917 643 1966 rernm
667 1893 892 1966 Romanarum
916 1893 1067 1963 auctores
1092 1913 1198 1987 neque
1219 1891 1405 1963 nominatur
1430 1891 1598 1989 qnisquam
1622 1901 1691 1967 tum
1711 1919 1792 1970 sae.

188 2039 231 2112 pe
244 2011 272 2109 ¹)
298 2038 320 2085 a
344 2013 463 2104 Livio,
497 2036 603 2108 neque
628 2018 695 2081 tam
720 2011 863 2105 gremtm
886 2009 1153 2106 reprehenditur,
1186 2033 1283 2105 quam
1307 2007 1465 2082 Valerius
1488 2011 1622 2085 Antias.
1679 2014 1793 2087 Aliter

187 2130 352 2203 indicasse
377 2131 525 2202 videntur
558 2137 591 2200 et
615 2128 721 2200 minna
747 2128 875 2225 quidem
905 2151 1017 2199 severe
1043 2127 1167 2218 ceteri,
1211 2135 1367 2224 quotquot
1399 2151 1440 2198 er
1472 2132 1635 2201 veteribus
1659 2141 1792 2228 praeter

188 2247 322 2322 Livium
346 2249 441 2320 buius
467 2248 637 2344 scriptoris
662 2247 860 2319 mentionem
885 2245 1034 2317 leeemnt
1059 2253 1093 2316 et
1116 2245 1232 2340 quibus
1258 2247 1394 2318 annales
1419 2246 1490 2320 eius
1514 2249 1605 2345 ipsos
1628 2249 1793 2346 inspicere

188 2365 305 2456 licuit,
329 2366 378 2437 ita
401 2374 438 2437 nt
462 2375 612 2436 naturam
638 2389 750 2436 eorum
774 2387 971 2462 pernoscere
994 2371 1131 2461 possent
1154 2362 1326 2461 fidemque,
1352 2389 1416 2462 qua
1440 2366 1531 2461 digni
1555 2373 1677 2458 essent,
1703 2366 1795 2441 Dio-

189 2485 316 2579 upsium
330 2481 506 2554 Halicarn.
532 2483 619 2574 dieo,
644 2481 801 2572 Plinium,
818 2479 977 2572 Gellium,
1002 2481 1107 2552 alios=
1134 2480 1212 2572 bno,
1239 2506 1335 2578 quem
1348 2483 1454 2579 primo
1468 2483 1544 2554 loco
1568 2485 1677 2580 posui,
1702 2485 1794 2559 Ilio·

190 2601 301 2696 nysius
324 2601 401 2672 libr.
410 2601 442 2672 I.
469 2593 550 2672 el.
577 2597 750 2671 Valerium
763 2598 933 2670 Antiatem
957 2597 993 2668 in
1019 2597 1059 2668 iis
1084 2596 1251 2670 historicis
1276 2606 1456 2689 enumeret,
1482 2623 1562 2696 quos
1588 2625 1609 2672 e
1632 2599 1794 2678 Romanis

189 2718 271 2816 ipsis
296 2717 407 2814 magni
432 2719 620 2790 aestimatos
646 2717 772 2813 sibique
799 2715 1041 2788 commendatos
1066 2737 1141 2786 esse
1175 2716 1309 2805 scribit;
1350 2716 1495 2788 Plinium
1520 2719 1555 2789 in
1578 2716 1661 2791 Nat.
1687 2719 1794 2815 nise,

191 2861 289 2935 quum
314 2836 506 2908 discesseris
533 2861 553 2907 a
578 2835 662 2908 loeis
688 2837 729 2907 ob
755 2858 874 2906 nomen
900 2833 1062 2905 adiectum
1086 2829 1228 2904 Valerio
1252 2833 1363 2929 utique
1389 2835 1607 2932 assignandis,
1631 2841 1795 2936 permulta
1845 2925 1848 2931 ¹

191 2955 260 3028 ulie
284 2979 326 3027 ex
352 2979 391 3028 eo
418 2954 607 3051 sumpsisse,
631 2953 758 3025 iudices
783 2952 943 3022 librorum
966 2949 1168 3044 singulorum
1193 2951 1285 3040 (libr.
1296 2948 1349 3022 Π.
1366 2951 1439 3024 ΠΙ.
1453 2952 1543 3026 XII.
1562 2954 1795 3031 XIIIXXI.

190 3072 318 3146 XXII.
333 3071 515 3146 XXVIII.
528 3069 673 3144 xxlx.
693 3068 877 3142 XXXIII.
895 3065 1092 3161 XXXIV.)
1119 3074 1220 3140 testes
1243 3077 1336 3159 suut3
1363 3069 1495 3144 Gellius
1510 3073 1648 3170 denique
1670 3075 1795 3150 duobus

191 3191 321 3290 quidem
335 3192 419 3264 locis
435 3193 512 3263 libr.
530 3188 597 3262 vl.
617 3213 648 3261 e.
665 3187 703 3260 8.
722 3195 756 3260 et
770 3189 848 3259 libr.
866 3183 953 3258 VII.
981 3209 1013 3258 e.
1031 3185 1092 3258 19.
1117 3185 1212 3256 illum
1236 3211 1302 3260 nou
1317 3211 1394 3260 vera
1406 3191 1583 3263 memoriae
1607 3193 1794 3287 mandasse,

63 3317 67 3324 '
192 3332 234 3380 ac
258 3307 336 3380 libr.
357 3307 425 3380 VI.
452 3334 484 3382 c.
501 3311 538 3380 7.
565 3309 651 3379 sicut
675 3307 752 3376 libr.
765 3303 838 3376 III.
865 3327 897 3376 e.
914 3303 952 3374 8.
979 3326 1052 3374 cum
1078 3303 1271 3398 quibusdam
1295 3306 1483 3404 discrepare
1507 3308 1620 3400 tradit,
1646 3309 1705 3382 sed
1729 3333 1795 3382 ne·
1861 3309 1865 3314 ’

192 3448 353 3521 quaquam
374 3426 442 3516 ita,
466 3432 503 3495 ut
527 3423 665 3513 Livius,
690 3424 727 3491 iu
751 3445 825 3492 enm
848 3419 1010 3491 invehitur
1033 3419 1238 3517 levitatisque
1264 3411 1337 3494 eum
1363 3431 1397 3495 et
1422 3424 1507 3520 quod
1532 3425 1671 3498 mendax
1695 3427 1797 3502 inerit

192 3550 340 3616 accusat.
391 3541 491 3638 Apud
515 3543 603 3613 viros
628 3539 744 3611 doctos
769 3536 888 3608 aetatis
912 3537 1104 3609 recentioris
1130 3537 1200 3609 lere
1214 3563 1339 3632 omues,
1364 3541 1505 3614 maxime
1530 3543 1617 3640 apud
1641 3542 1796 3620 Niebuh-

190 3660 276 3732 rium
301 3668 335 3733 et
358 3657 608 3733 Laebmauunm
631 3656 704 3752 (Ile
721 3655 883 3728 Fontibus
898 3654 1119 3727 Historiarum
1134 3655 1182 3728 Τ.
1195 3656 1304 3751 Livii)
1328 3657 1486 3732 Valerius
1502 3660 1623 3754 Antias
1644 3663 1680 3735 iu
1703 3665 1795 3738 nullo

190 3779 291 3876 plane
314 3761 448 3852 nurnero
475 3778 656 3850 ethonore
681 3781 753 3866 est3
794 3797 858 3846 uec
882 3780 991 3846 tanuen
1017 3769 1227 3871 qnisquam²)
1255 3775 1298 3847 ad
1322 3775 1386 3850 lnoc
1409 3802 1510 3876 usque
1535 3787 1662 3879 tempus
1687 3806 1796 3856 anuu-

192 3895 273 3970 liem
299 3898 340 3970 ab
368 3921 407 3972 eo
434 3897 655 3970 coniectomm
680 3893 837 3988 reliquiae
863 3899 930 3966 tam
955 3900 1108 3965 accurate
1134 3894 1286 3966 necant
1310 3903 1365 3987 et,
1390 3921 1474 3992 quae
1498 3896 1633 3996 iusuper
1657 3923 1795 3995 conspe,

192 4015 296 4087 nanda
320 4021 434 4109 erant,
460 4023 552 4088 tanta
577 4011 746 4112 diligentia
771 4010 928 4105 contulit,
961 4017 999 4082 ut
1023 4010 1064 4083 de
1089 4011 1226 4102 peritate
1250 4013 1383 4109 indicii,
1409 4016 1495 4112 quod
1519 4015 1620 4110 fecit,
1645 4016 1794 4093 dubitare

194 4151 261 4202 uon
283 4133 395 4206 licead.

199 4256 434 4282 a

246 4319 269 4390 ¹)
286 4323 365 4390 Inde,
388 4330 457 4394 quod
472 4329 568 4384 Valerii
585 4345 678 4384 nomeu
696 4327 852 4384 ereberrime
869 4325 938 4396 apud
955 4325 1055 4380 llvlum
1072 4325 1246 4394 luveulmtur,
1268 4328 1340 4384 titum
1358 4332 1519 4399 potissimum
1536 4329 1570 4382 ab
1588 4326 1638 4384 boe
1654 4329 1796 4388 adbtbitan

279 4407 363 4541 popinae
381 4419 521 4476 uectorem,
539 4429 703 4482 nequaquam
721 4428 800 4483 poaae
817 4411 913 4481 colligi,
929 4410 982 4464 laun
998 4407 1181 4465 hebmanuua
1197 4411 1239 4467 lta
1254 4411 1346 4468 Fonte
1363 4415 1431 4467 litat.
1449 4413 1482 4466 T.
1500 4413 1559 4470 lla.
1577 4414 1681 4470 comm
1697 4417 1733 4470 lb
1750 4433 1796 4486 μς.

315 4527 322 4541 .
340 4500 412 4544 reete
429 4497 536 4548 nouvtt.

247 4588 271 4656 ¹)
288 4587 364 4652 Quae
380 4593 448 4644 enlm
467 4595 497 4644 A.
515 4593 617 4646 Kmuae
633 4595 659 4649 lu
677 4597 745 4660 libro
762 4596 860 4662 „Vitae
877 4601 906 4650 et
921 4595 1081 4664 Fragmenta
1097 4601 1215 4652 veteram
1230 4594 1410 4653 bbtoricomn
1421 4595 1617 4654 Ronanonn“
1633 4599 1748 4667 pretulit,
1764 4599 1796 4653 Ia

281 4673 322 4728 ata
338 4676 457 4742 cuiquam
472 4675 637 4732 satisfecerit.
