4484 5584
856 504 1187 578 ...17-

215 679 394 756 alicnus
418 685 487 772 est,
518 701 583 751 neo
604 677 636 750 is
655 676 769 764 'solusr
807 674 883 746 ante‘
909 671 1018 746 omnia
1050 671 1152 769 igitur
1174 671 1275 746 Livio
1308 672 1488 747 orationem
1514 699 1535 748 a
1560 671 1719 774 Scipione
1742 677 1816 776 ipse

215 799 360 874 habitam
385 806 420 871 et
440 819 520 880 non⁴
535 795 736 892 suppositam
750 816 836 866 esse
862 791 1072 864 educendum
1102 791 1232 866 luisset.
1283 791 1326 864 Id
1349 793 1437 888 quod
1460 795 1592 868 minime
1613 796 1713 886 lecit3
1752 819 1817 870 nec

215 925 324 992 minen
349 922 520 988 mnomtns
545 922 616 1007 est,
644 909 775 1010 (nempe
799 911 830 983 is
854 912 996 1016 scriptor
1018 909 1197 1005 mabam,
1224 934 1320 1012 quern
1343 919 1413 985 turn
1437 913 1578 984 manime
1602 923 1678 986 ante
1703 915 1818 986 ocules

157 1081 162 1090 ·
215 1035 370 1125 habebat,
394 1031 439 1104 Ρ.
464 1029 782 1108 thrasumeni.
807 1027 935 1108 Navio
959 1029 1038 1102 trib.
1063 1029 1111 1133 pl·
1139 1037 1330 1106 ammian
1354 1037 1390 1103 et
1412 1030 1506 1104 illam
1531 1031 1711 1103 orationem
1736 1055 1818 1128 ger·

214 1175 345 1224 marram
368 1149 508 1250 pntadt)
539 1149 730 1242 Antiatem,
763 1149 877 1222 licet
865 1173 896 1220 nn
928 1171 972 1220 ne
996 1169 1270 1220 commemorasse
1302 1148 1433 1243 quidm
1464 1147 1625 1224 Naevium
1657 1148 1818 1244 rideatur,

216 1269 338 1347 ureris
362 1291 511 1365 arguere.
564 1267 785 1347 conferantur
807 1272 991 1370 praeterea,
1015 1287 1102 1370 qnae
1126 1261 1364 1342 Lachmannns
1389 1263 1572 1342 comment
1585 1265 1638 1340 Π.
1627 1289 1713 1368 ..pg
1701 1268 1818 1341 ..107

217 1395 331 1464 conns
354 1385 489 1466 Livium
514 1385 682 1464 disseruit.

250 1537 381 1612 llis
407 1539 533 1612 dnobus
558 1533 650 1609 Livii
673 1533 779 1628 loeis,
821 1533 937 1638 quibus
971 1531 1057 1636 qnod
1089 1533 1276 1613 testimonia
1299 1533 1484 1631 neglexerit
1505 1531 1663 1612 Valerius
1688 1537 1819 1636 vitupe-

214 1663 325 1751 ratur,
367 1659 563 1753 subiungere
588 1656 670 1728 libet
692 1655 911 1750 fragmentum
937 1675 991 1750 ap.
1019 1649 1113 1726 Gell.
1146 1652 1226 1726 libr.
1252 1653 1290 1725 7.
1317 1676 1350 1726 c.
1378 1652 1439 1726 19.
1445 1705 1458 1747 ,
1492 1654 1616 1726 ubido
1641 1655 1817 1730 causaL.

216 1773 385 1874 Scipionis
411 1799 452 1848 en
484 1775 630 1847 Antiatis
656 1773 829 1846 annalibus
855 1773 951 1869 plura
984 1771 1173 1842 afferuntur.
1226 1769 1359 1843 Gellius
1384 1769 1419 1842 h.
1443 1771 1471 1848 l.
1495 1771 1667 1849 Antiatem
1701 1782 1818 1849 conns

213 1893 422 1965 decretorum
456 1892 655 1986 quorundam
687 1889 875 1964 memoriam
911 1893 1088 1987 contraque
1124 1888 1334 1960 auctoritates
1369 1895 1515 1965 vetemn
1546 1891 1713 1967 melion
1736 1917 1819 1966 nar.

217 2033 310 2081 rasse
336 2010 400 2101 ait,
426 2015 502 2105 post
526 2007 679 2080 Africani
704 2013 841 2083 mortem
866 2029 887 2082 n
913 2003 972 2076 Ti.
989 2001 1145 2081 &accho
1169 2005 1436 2082 intercessionem
1461 2029 1521 2111 pro
1536 2005 1697 2109 Scipione
1711 2009 1820 2082 Asia·

216 2127 282 2199 ticc
316 2126 437 2200 laetam
463 2149 554 2197 esse:
595 2147 727 2226 „neque
751 2123 885 2194 multmn
909 2121 1088 2216 irrogatam
1115 2121 1285 2219 Scipioni3
1320 2123 1380 2199 sed
1405 2124 1590 2200 damnatum
1615 2149 1690 2197 enm
1713 2149 1820 2226 pecu.

215 2245 329 2339 „lntns
353 2246 394 2316 ob
421 2243 665 2316 Antiochenam
686 2241 871 2341 pecuniam,
899 2239 974 2335 quia
999 2241 1139 2336 praedes
1163 2265 1230 2312 non
1252 2241 1359 2333 daret,
1383 2241 1419 2312 in
1441 2265 1609 2315 carcerem
1633 2243 1709 2316 doci
1735 2269 1817 2318 coe-

215 2371 351 2459 ‚‚ptnm,
378 2369 474 2457 atque
495 2362 544 2434 ita
568 2359 789 2438 intercedente
815 2356 971 2434 Graccho
997 2360 1205 2433 exemtum.“
1271 2356 1444 2430 Valerium
1466 2367 1601 2434 secutus
1626 2367 1680 2434 est
1699 2361 1819 2438 Livius

219 2479 297 2550 libr.
326 2479 389 2550 38.
416 2503 449 2551 c.
474 2477 551 2570 60,
576 2484 613 2552 et
637 2481 784 2576 apparet,
811 2501 908 2573 quum
934 2499 974 2546 ca
999 2499 1138 2576 qnoque,
1164 2498 1248 2575 qnae
1270 2483 1349 2547 ante
1366 2475 1483 2548 Livius
1508 2476 1662 2573 prodidit,
1688 2503 1731 2552 ex
1756 2507 1821 2553 an·

218 2595 348 2669 nalibus
379 2595 470 2670 illins
501 2599 633 2690 sumpta
666 2617 740 2670 esse
775 2593 843 2664 veri
876 2593 1075 2664 simillimum
1100 2594 1164 2683 sit,
1202 2593 1377 2670 Antiatem
1403 2602 1570 2669 auctorem
1593 2595 1714 2688 inisse,
1757 2597 1819 2671 Ti.

219 2711 409 2790 Gracchum
433 2712 486 2786 bis
511 2713 759 2802 intercessisse,
794 2717 829 2782 et
852 2734 912 2807 pro
938 2709 1100 2783 Africano
1125 2717 1161 2780 et
1184 2735 1244 2806 pro
1271 2708 1320 2782 L.
1346 2709 1518 2808 Scipione.
1577 2711 1819 2788 Difficillimum

218 2841 271 2906 cst
294 2833 335 2906 de
360 2855 415 2923 re,
441 2829 476 2901 in
502 2855 567 2927 qna
592 2831 633 2901 ob
660 2829 829 2925 opiniones
856 2849 952 2922 quarn
977 2829 1115 2899 manime
1143 2827 1366 2926 discrepantes
1390 2831 1457 2905 iarn
1481 2827 1601 2901 Livius
1626 2854 1737 2903 verum
1760 2833 1818 2908 iu·

219 2951 328 3022 tenire
354 2973 390 3022 se
415 2971 513 3046 posse
539 2947 735 3044 desperarit,
762 2944 822 3036 (cl.
837 2946 914 3016 libr.
932 2946 995 3017 38.
1014 2969 1045 3017 o.
1066 2942 1146 3042 56.)
1169 2946 1338 3035 indicare3
1363 2969 1463 3021 ansus
1489 2955 1598 3021 tamen
1624 2954 1677 3020 est
1698 2947 1820 3023 Lach-

218 3091 355 3141 mannus
382 3065 565 3140 Comment.
586 3063 638 3137 II.
662 3089 721 3166 pg.
741 3064 815 3138 106
833 3089 898 3161 sq„
924 3087 1006 3157 nec,
1039 3063 1180 3138 ntmihi
1206 3065 1335 3160 quidem
1359 3064 1506 3162 noem,
1535 3074 1752 3142 ranocouatn
1765 3069 1821 3141 di·

217 3187 358 3286 epotavit
370 3181 411 3278 ¹).
461 3184 505 3258 Id
530 3209 628 3259 unum
652 3183 748 3258 modo
771 3206 840 3258 non
862 3182 1021 3274 concedo,
1049 3181 1217 3253 Antiatem
1241 3207 1301 3254 sna
1325 3181 1477 3272 finxisse3
1503 3188 1646 3256 statuere
1670 3185 1735 3258 hoc
1759 3210 1820 3260 ve·

217 3314 336 3395 tamur,
362 3301 447 3397 quod
460 3301 579 3374 Livius
604 3325 723 3376 causas
738 3299 894 3374 Africani
919 3308 953 3372 et
963 3299 1106 3372 Asiatici
1130 3301 1266 3399 pariter,
1291 3307 1387 3398 atque
1412 3301 1483 3392 ille,
1510 3303 1672 3397 exposuit,
1699 3328 1817 3402 quam·

220 3445 314 3518 qnam
330 3417 528 3490 diversarum
543 3418 765 3490 narrationum
785 3417 934 3488 notitiam
950 3415 1127 3504 habuerat3
1152 3417 1186 3486 id
1201 3417 1298 3514 quod,
1324 3423 1359 3488 nt
1376 3419 1523 3514 pluribus
1540 3421 1698 3517 exemplis
1714 3421 1818 3496 doce-

220 3563 303 3630 mur,
320 3561 387 3610 non
403 3535 549 3627 lecisset,
564 3535 594 3608 si
609 3533 845 3631 praeterillnm
863 3539 978 3606 auctor
988 3557 1084 3607 nemo
1099 3533 1235 3624 lnhset3
1262 3535 1470 3632 cupidissime
1485 3536 1595 3633 potins
1610 3539 1818 3614 occasionem

220 3657 413 3756 arripuisset
434 3651 704 3751 reprehendendi.

321 3805 553 3904 Negligeutia,
580 3801 620 3875 de
646 3828 711 3900 qna
735 3801 853 3876 Liuius
878 3803 955 3876 libr.
973 3803 1038 3877 45.
1065 3827 1098 3878 c.
1115 3804 1181 3877 to.
1214 3803 1384 3876 Antiatem
1408 3813 1564 3898 accusat,
1590 3807 1819 3904 meconidem

219 3928 471 4002 sententiatum
496 3924 589 4020 parvi
612 3924 767 3994 momenti
793 3930 864 4014 est,
898 3929 933 3994 nt
957 3924 1029 3998 sine
1054 3947 1148 3996 mora
1174 3922 1215 3994 ad
1242 3923 1390 4006 alterurn¹
1404 3924 1690 4021 reprehensionum
1714 3950 1818 4022 genus

220 4047 360 4120 mansino
385 4043 566 4141 possimus,
599 4041 642 4113 ad
665 4041 778 4133 locos,
805 4042 939 4137 quibas,
963 4042 1049 4137 quod
1072 4066 1227 4114 numeros
1252 4042 1393 4113 omnium
1418 4042 1488 4115 fere
1513 4067 1623 4129 rerum
1646 4044 1819 4118 immodice

222 4164 360 4256 auxerit,
385 4161 525 4234 Valerio
551 4159 714 4239 obiicitur.
766 4157 814 4230 Et
835 4183 919 4232 sane
945 4157 1145 4251 bertinaro,
1171 4161 1227 4232 uhi
1253 4183 1295 4231 en
1320 4160 1491 4232 annalibus
1516 4159 1610 4231 hnios
1636 4159 1818 4258 scriptoris,

221 4284 299 4376 quot
324 4280 413 4352 caesi
438 4279 559 4350 luerint
583 4286 640 4350 ant
664 4286 785 4374 quanta
809 4277 933 4374 praeda
956 4277 1174 4350 invictorum
1196 4301 1312 4350 manus
1336 4281 1472 4370 uenerit,
1497 4284 1705 4372 memoratur,
1730 4280 1819 4353 rnul-

220 4395 323 4469 titndo
355 4402 389 4466 et
414 4396 510 4492 copia
535 4396 731 4506 maiorest,
777 4419 873 4492 qnam
906 4403 942 4468 nt
965 4417 1081 4468 revera
1118 4418 1192 4467 eam
1217 4402 1341 4468 tantam
1364 4395 1467 4468 luisse
1493 4394 1679 4471 existimare
1704 4399 1818 4474 hosat.

272 4642 298 4710 ¹)
324 4641 494 4706 lleerwegent
517 4639 617 4692 libellus
646 4641 705 4706 „De
722 4641 754 4693 Ρ.
773 4647 800 4694 et
817 4643 848 4695 L.
867 4643 1014 4713 Scipionum
1032 4645 1197 4699 sementlone
1214 4646 1340 4712 qnecrtio.
1370 4641 1500 4700 baireuth.
1521 4648 1617 4703 leto?
1645 4645 1720 4713 mibi,
1743 4662 1820 4715 qnnrn

323 4724 387 4778 brec
404 4726 559 4789 scribebam,
577 4741 628 4778 nen
647 4731 752 4793 praesto
771 4725 826 4777 luit.
