4484 5584
1088 463 1390 536 ...4-

440 681 507 732 non
532 657 605 731 sola
629 681 730 731 causa
754 657 853 730 fucrit
877 662 1104 756 cognominum
1129 689 1172 738 ex
1195 665 1331 738 urbibus
1352 670 1553 756 tractum,
1585 663 1754 739 meroni
1774 671 1866 738 essct
1885 669 2043 760 ntehac,

439 773 614 848 Valerium
626 777 721 848 Antii
741 779 832 849 urbis
847 779 951 852 civem
968 782 1153 856 babendum
1171 808 1246 859 esse
1262 786 1330 856 ianr
1350 791 1485 881 prepter
1508 782 1544 854 it
1556 807 1668 876 usn,
1692 783 1781 880 qnctl
1800 783 1924 856 Antias
1936 783 2045 860 aiau

440 901 541 966 essct.
594 895 796 987 Quaeramus
816 896 916 992 igitur
940 909 1087 998 oportet,
1111 927 1190 976 unm
1205 903 1297 976 alind
1317 902 1393 1000 qnid
1416 901 1559 1000 proferri
1579 908 1698 999 quest,
1721 901 1808 974 uncle
1823 903 1919 977 cuias
1930 901 2045 978 Vale·

439 1009 510 1086 rias
537 1011 636 1086 luerit
659 1023 888 1109 cognoscatur.
957 1017 1030 1092 Sed
1056 1045 1162 1118 neque
1190 1022 1295 1096 multa
1314 1028 1409 1114 suut,
1450 1045 1534 1117 quae
1554 1021 1620 1092 buc
1643 1021 1829 1117 portinent,
1867 1043 1974 1117 neque
1999 1043 2044 1096 ea

441 1128 612 1223 eiusmodi,
638 1133 753 1229 quibus
769 1157 847 1206 vcra
860 1136 970 1231 patria
986 1140 1173 1236 exploretur
1179 1165 1192 1231 3
1216 1139 1382 1215 sufficiam
1400 1147 1528 1231 mnan,
1555 1146 1591 1211 nt
1603 1138 1731 1235 opinor,
1756 1138 1800 1210 al
1812 1137 2046 1213 tenum»

441 1245 528 1340 dum,
554 1272 688 1322 causam
710 1253 799 1326 illins
814 1256 1016 1349 cognominis
1034 1257 1135 1330 alium
1148 1258 1271 1350 fuisse,
1297 1281 1394 1355 qnam
1414 1258 1508 1330 cuius
1524 1281 1678 1330 suasores
1694 1257 1896 1330 Nicbnlsrius
1918 1257 2045 1332 cetari-
2067 1255 2073 1264 ’

365 1449 377 1464 ,
441 1389 504 1462 que
528 1369 734 1440 exstiterant.
784 1369 968 1477 Ex'verbis
990 1376 1095 1468 enim,
1131 1401 1214 1474 quac
1236 1376 1328 1473 prius
1351 1375 1440 1473 apul
1457 1375 1603 1448 Plinium
1624 1373 1671 1448 Ν.
1698 1375 1747 1448 ΙΙ.
1770 1374 1921 1448 Praelat.
1947 1375 1996 1450 Τ.
2009 1375 2045 1452 1.

441 1506 499 1580 pg.
513 1485 577 1556 22.
594 1484 647 1557 eal.
662 1485 787 1558 Fraus.
806 1488 1016 1584 legebantur:
1051 1493 1360 1584 „Lucubraticuem
1375 1502 1474 1589 puto,
1499 1494 1555 1588 qui
1565 1493 1688 1571 Antias
1707 1493 1788 1566 ciris
1804 1501 1876 1564 erat
1890 1500 1925 1566 et
1939 1517 2044 1569 socn-

440 1602 584 1694 „batur,
610 1601 769 1678 Valerius
790 1606 913 1703 primus
927 1609 1062 1684 mocrite
1087 1614 1182 1686 cet.“
1205 1637 1302 1709 quum
1321 1635 1344 1684 a
1364 1609 1526 1684 Rbeusnc
1545 1612 1720 1684 marimum
1733 1619 1860 1707 partem
1876 1613 2046 1710 supposita

442 1717 576 1812 inerint,
600 1721 683 1792 nibil
699 1723 854 1814 efficitar;
880 1727 1076 1823 scripturum
1090 1753 1301 1825 germanam,
1326 1730 1420 1803 cuius
1439 1728 1579 1823 vestiga
1593 1727 1691 1801 ctiam
1705 1736 1784 1800 sett.
1796 1727 1872 1800 eslcl.
1889 1730 2045 1826 munus,

442 1836 653 1935 iampridem
666 1840 857 1916 Harduinus
879 1844 1038 1938 restituit,
1061 1847 1096 1917 in
1121 1871 1225 1944 angue
1239 1871 1282 1920 nc
1298 1847 1420 1920 mentio
1439 1846 1569 1943 quidem
1582 1845 1621 1917 fit
1636 1845 1780 1918 Valerii·
1831 1846 1907 1920 Nec
1921 1849 2045 1924 allio·

440 1956 533 2052 nysio
556 1956 639 2031 Hal.
669 1959 709 2032 sle
732 1961 841 2057 patria
865 1960 997 2034 Valerii
1018 1965 1166 2039 Antiatis
1198 1965 1370 2054 decenum
1410 1964 1498 2039 aaut
1521 1963 1619 2035 lubic
1647 1963 1678 2034 is
1704 1964 1746 2035 ab
1769 1962 1829 2037 illo
1850 1966 2045 2062 simpliciter

443 2073 638 2170 ,Οὐαλέριος
653 2076 785 2164 Ἀντίας
805 2079 912 2154 (lictus
928 2089 997 2173 est,
1024 2087 1058 2154 ct
1077 2082 1186 2155 forma
1200 2083 1358 2166 Ἀντιεύς,
1381 2105 1479 2176 qaam
1496 2089 1633 2175 utroque
1647 2080 1722 2152 loco
1747 2080 1840 2176 (libr.
1855 2081 1889 2154 I.
1904 2107 1936 2156 c.
1951 2085 1988 2158 7.
2009 2093 2046 2158 et

441 2190 519 2266 libr.
533 2191 586 2265 Π.
604 2217 636 2266 o.
654 2196 734 2289 13.)
759 2198 834 2270 cod.
847 2197 963 2271 Vatic.
979 2199 1123 2291 exhibet,
1148 2199 1273 2296 puriter
1288 2221 1330 2275 ac
1342 2197 1507 2293 scriptura
1520 2197 1597 2270 libr.
1613 2196 1666 2270 Π.
1692 2221 1725 2270 c.
1744 2199 1807 2273 13.
1827 2253 1850 2286 „
1858 2201 2045 2299 Οὐαλέριος

445 2313 465 2390 ὁ
482 2315 642 2402 Ἀπίας“
663 2339 706 2386 ex
727 2339 826 2386 manu
849 2315 979 2388 librarii
1003 2316 1163 2408 manauit,
1189 2316 1246 2413 qui
1259 2314 1432 2389 Valerium
1446 2314 1543 2387 Antii
1564 2323 1677 2388 natum
1698 2315 1801 2390 luisse
1821 2316 1887 2390 sibi
1902 2341 2045 2415 persua·

444 2441 546 2506 serat.
574 2432 698 2507 Contra
706 2431 824 2505 Livius
839 2433 916 2506 libr.
934 2434 997 2507 23.
1014 2457 1047 2508 c.
1065 2434 1129 2509 34.
1144 2441 1260 2507 auctor
1275 2441 1339 2526 cst,
1363 2433 1429 2504 iam
1443 2434 1524 2506 belli
1533 2433 1654 2508 Punici
1665 2436 1801 2508 secandi
1811 2444 1957 2532 tempore
1964 2437 2045 2512 Va·

442 2549 543 2624 lerios
558 2575 740 2648 cognomen
753 2551 836 2622 illud
852 2551 1024 2642 babuisse,
1049 2561 1202 2626 narratur
1215 2553 1242 2626 l.
1260 2577 1292 2625 c.
1305 2551 1353 2624 L.
1362 2550 1648 2626 ValeriusAutias
1663 2552 1794 2650 puidam
1806 2548 1834 2646 ¹)
1852 2553 2045 2630 aP.Vula·

442 2668 493 2742 rio
505 2668 633 2744 Flacco
649 2670 757 2744 iussus
774 2693 860 2764 csse,
876 2672 1005 2768 legatos
1020 2671 1169 2769 Philippi
1190 2671 1279 2768 regis
1300 2678 1397 2766 atquc
1409 2669 1607 2744 Hannibalis
1619 2670 1883 2767 comprehensos,
1907 2674 2044 2746 nambus

443 2787 584 2884 quinque
609 2789 789 2860 celerrimis
812 2789 853 2862 asl
878 2788 913 2861 isl
933 2788 1084 2882 delectis,
1108 2789 1251 2862 Romam
1275 2789 1319 2862 ad
1340 2797 1489 2862 senatum
1511 2790 1697 2886 deportare.
1750 2789 1826 2881 Quo
1849 2813 1892 2862 ex
1911 2790 1987 2864 loco
2009 2800 2045 2866 ut

443 2905 609 2980 annalium
631 2906 824 3001 scriptorem
847 2929 913 2977 non
940 2907 1079 3000 primmn
1100 2909 1364 3001 cognominatum
1384 2906 1577 2997 Antiatem,
1601 2907 1670 2997 ita,
1696 2929 1794 3002 quum
1821 2931 1877 2982 res
1898 2933 1919 2980 a
1943 2908 2043 2984 Livio

443 3029 625 3098 memorata
645 3022 682 3093 in
700 3045 819 3092 annum
839 3047 873 3116 p.
898 3019 945 3093 U.
970 3045 1003 3094 c.
1021 3021 1095 3094 541
1124 3020 1176 3118 (V
1176 3025 1259 3116 arr.)
1284 3023 1428 3115 incidat,
1453 3021 1611 3094 Valerios
1632 3023 1788 3099 Antiates
1809 3050 1877 3098 non
1901 3027 2041 3102 clientes

444 3140 553 3236 gentis
560 3139 720 3213 Valeriae
736 3138 970 3212 existimandos
986 3163 1061 3212 csse
1077 3141 1198 3233 clucet,
1223 3140 1282 3215 sel
1296 3141 1385 3214 ciras
1398 3140 1568 3213 Romanos
1583 3142 1704 3237 optimo
1716 3141 1799 3214 iure.
1852 3143 1942 3216 Tum
1959 3147 2044 3244 quod

329 3281 332 3288 ⁴
444 3257 531 3356 apud
546 3254 679 3330 Livium
690 3259 767 3330 libr.
786 3255 859 3329 ΙΠ.
878 3279 910 3330 c.
928 3255 965 3329 5.
979 3257 1137 3354 legimusr
1186 3259 1368 3352 „Antiates
1389 3259 1481 3332 mille
1494 3259 1634 3352 milites,
1660 3260 1737 3356 quia
1758 3284 1867 3334 serum
1888 3265 2045 3338 auxilium

443 3385 547 3474 „post
562 3377 722 3474 proelium
741 3381 915 3469 uenerant,
941 3401 1043 3474 prope
1066 3401 1140 3450 cum
1156 3377 1336 3474 ignominia
1356 3376 1521 3450 dimissi.“
1546 3385 1580 3450 at
1595 3379 1767 3474 probabile
1783 3387 1854 3472 est,
1888 3405 1985 3476 quum
2008 3383 2045 3462 in

444 3493 508 3568 boc
523 3496 631 3593 capite
645 3494 779 3568 Valerii
791 3494 939 3566 Antiatis
961 3496 1081 3569 mentio
1102 3496 1193 3568 facta
1212 3496 1278 3590 sit,
1304 3503 1338 3569 ct
1361 3496 1445 3570 baec
1462 3494 1626 3587 scrba’et,
1652 3519 1737 3592 quae
1750 3498 1848 3592 paulo
1870 3507 1946 3572 anta
1968 3507 2042 3574 trs·

444 3609 581 3705 dantur,
624 3620 776 3710 portenta
798 3637 841 3685 ex
863 3611 1034 3686 amelibus
1059 3612 1251 3688 Valerianis
1274 3614 1392 3689 bansta
1413 3637 1507 3706 esse,
1548 3613 1636 3686 baucl
1659 3613 1781 3686 iniuria
1802 3611 2041 3692 Lacbmannus

447 3727 630 3804 Commeat.
650 3729 683 3804 l.
708 3756 766 3827 pg.
784 3731 847 3802 37.
868 3730 1079 3824 iudicaverit,
1109 3732 1165 3824 io,
1195 3732 1281 3828 quod
1293 3731 1451 3805 Valerius
1472 3731 1540 3804 tale
1563 3731 1687 3828 aliquid
1710 3731 1752 3803 (le
1766 3731 1958 3808 Antiatibus
1979 3759 2040 3808 re·

443 3847 533 3922 icrre
563 3871 629 3921 uon
653 3849 827 3940 dubitarit,
852 3847 1008 3922 indicium
1030 3873 1104 3924 usse
1123 3851 1379 3948 quodammodo,
1414 3872 1488 3921 eum
1511 3849 1553 3921 ab
1571 3849 1635 3922 boo
1654 3849 1774 3946 oppilo
1794 3849 1954 3946 originem
1974 3876 2040 3925 non

444 3965 632 4041 deduxisse.
682 3966 827 4040 Accedit
849 3975 1034 4063 postremo,
1060 3968 1148 4066 qnod
1169 3967 1382 4060 Priscianus,
1414 3965 1492 4040 libr.
1507 3966 1556 4041 V.
1582 3992 1614 4041 c.
1630 3969 1668 4040 4.
1696 3965 1791 4040 Τ.Ῑ.
1813 3970 1961 4064 pg.181
1986 3993 2039 4066 sp.

445 4085 498 4158 cd.
514 4085 583 4158 Kr.
606 4085 775 4158 scribens:
825 4083 895 4176 „In
918 4110 955 4158 as
969 4081 1108 4180 Latina,
1132 4087 1162 4159 si
1188 4087 1254 4159 siat
1277 4087 1422 4184 patriae,
1453 4087 1634 4160 communis
1658 4093 1733 4160 sunt
1753 4087 1902 4182 generis,
1926 4085 1983 4160 bic
2006 4095 2042 4162 at

444 4201 528 4277 baec
539 4203 700 4302 Arpinas,
724 4201 881 4294 Sufenas,
908 4201 1081 4302 Capenas:
1106 4229 1242 4301 quorum
1264 4203 1340 4279 islco
1360 4204 1648 4300 mnemosynem
1663 4203 1940 4297 circnnsbcctitur,
1966 4205 2044 4302 quia

445 4345 505 4419 per
521 4345 695 4420 syncopam
715 4322 742 4394 ti
764 4321 929 4420 syllabae,
956 4323 1042 4396 sicut
1054 4347 1156 4422 saepe
1169 4323 1319 4418 diximus
1344 4324 1475 4421 prolata
1493 4330 1580 4397 sunt.
1604 4361 1658 4382 -
1707 4322 1920 4398 Inueniuntur
1933 4331 2043 4400 anea

444 4469 682 4486 *un-unu·—

529 4533 555 4602 ¹)
573 4535 684 4610 Plgbtus
698 4535 731 4588 T.
745 4503 770 4589 ll
788 4555 831 4606 pg.
850 4543 907 4592 176.
926 4553 984 4592 sum
1001 4539 1066 4592 luter
1083 4546 1236 4606 quaestores
1252 4537 1420 4608 provinciales
1436 4544 1555 4592 numerat
1571 4539 1712 4605 sddttqaes
1730 4539 1898 4604 „Videndum
1915 4555 1983 4594 saue
2000 4537 2042 4594 bic

564 4619 683 4672 historias
700 4621 860 4689 scripserit.“
895 4621 974 4684 Quod
993 4623 1127 4688 quominus
1145 4623 1329 4686 smenttmnur,
1346 4621 1527 4689 impedimento
1544 4631 1604 4675 suut
1621 4632 1648 4677 et
1666 4623 1756 4676 Vellett
1773 4623 1878 4676 Patere.
1897 4625 1978 4676 rerba
1993 4637 2039 4674 so·

563 4719 611 4771 pre
627 4703 708 4756 sustu
724 4711 752 4757 et
768 4705 840 4772 ipsse
856 4705 985 4760 snnsllam
1002 4707 1133 4773 reliquias.
1168 4707 1235 4760 Cnns
1250 4705 1345 4776 Plglslo
1361 4712 1450 4760 satem
1466 4705 1640 4774 Glandcrptus
1657 4707 1683 4762 tn
1700 4706 1797 4762 Onam.
1812 4723 1857 4774 pn.
1874 4713 1934 4760 eto.
1952 4709 2040 4764 sessa
