4484 5584
868 499 1194 577 ...ro-

232 679 286 754 od.
314 679 374 752 ult.
400 684 435 751 et
457 665 690 750 Wacbsmutb.
716 666 807 746 Ilici.
832 671 880 746 R.
905 697 962 770 pg.
992 672 1041 744 14
1056 695 1129 769 sqq.
1156 671 1410 767 disputaverunt.
1462 657 1569 764 Quid,
1595 662 1735 770 quasso,
1761 673 1828 746 im.

230 793 333 895 pedit,
360 796 530 894 quominus
552 793 723 866 Antiatem
748 815 874 890 quoque
898 815 960 864 sua
984 815 1026 864 ex
1050 791 1102 863 bis
1127 790 1270 863 lontibus
1294 789 1447 862 hausisse
1469 790 1671 863 stammana?

335 997 499 1073 Similiter
523 996 724 1070 sentiendum
750 1003 801 1070 est
825 996 951 1089 deco,
985 996 1071 1092 quod
1095 1001 1294 1092 postremum
1318 992 1448 1070 Antiati
1472 992 1550 1074 vitio
1575 992 1690 1086 datur,
1722 995 1771 1068 ita
1795 1003 1831 1071 ut
1912 1004 1914 1007 ’

230 1118 366 1216 paucis,
399 1141 442 1190 ne
467 1116 574 1189 ᾱίοωιι
599 1116 730 1188 obiecta
753 1139 887 1212 prorsus
913 1114 1060 1205 diluere,
1094 1121 1130 1184 at
1152 1113 1300 1187 iudicare
1324 1111 1503 1208 possimus,
1538 1112 1623 1185 unde
1647 1135 1702 1184 res
1727 1136 1830 1186 novae

230 1238 311 1311 illae
324 1230 350 1328 ¹)
375 1234 539 1308 flnuemut.
592 1233 772 1306 Maximam
795 1241 923 1329 partem
946 1231 1046 1302 iidem
1070 1229 1180 1302 lentes
1211 1221 1359 1318 luerunta
1388 1237 1499 1325 pateat
1528 1236 1638 1302 umen
1668 1229 1831 1327 interdum

149 1335 152 1342 ¹
231 1355 329 1443 etiam
353 1353 475 1426 lactum
500 1375 597 1444 esse,
634 1357 689 1442 ut,
733 1373 816 1447 quae
840 1349 930 1422 ianm
955 1354 1081 1420 tantum
1110 1346 1438 1438 circumferebantur,
1476 1344 1634 1420 Valerius
1659 1348 1831 1422 annalibus

228 1474 297 1548 anis
322 1473 493 1545 insereret.
543 1469 619 1542 Alii
641 1467 778 1566 pariter,
804 1491 887 1564 quae
911 1463 1010 1538 faudo
1038 1465 1218 1557 audierant,
1243 1486 1315 1537 nou·
1332 1463 1559 1561 neglexerunt.
1599 1465 1831 1560 Nasounia,

229 1613 314 1688 quae
338 1597 375 1665 nt
398 1613 483 1662 nova
508 1611 549 1660 ac
573 1587 651 1660 ficta
675 1612 698 1660 a
720 1585 820 1659 Livio
846 1586 1041 1676 afferuntur,
1066 1583 1126 1656 ille
1148 1585 1273 1680 primus
1297 1585 1346 1656 ita
1368 1585 1529 1673 narravb3
1562 1583 1614 1656 sio
1634 1585 1738 1658 libros
1752 1584 1832 1659 Nn·

229 1731 304 1782 mae
327 1705 565 1803 Pythagoricos
589 1705 693 1780 fnisse
719 1704 783 1798 (cl.
809 1701 888 1778 Liv.
913 1704 991 1777 libr.
1017 1702 1080 1775 40.
1108 1726 1141 1774 c.
1157 1701 1236 1798 29.)
1261 1702 1328 1774 iam
1352 1699 1401 1774 Ι..
1426 1702 1508 1776 Piso
1534 1709 1568 1776 et
1593 1701 1729 1776 Cassius
1753 1704 1831 1776 He·

228 1826 320 1900 mina
341 1824 556 1914 tradiderant,
581 1824 627 1896 cf.
653 1823 745 1896 Plin.
769 1819 817 1892 N.
842 1820 891 1892 ll.
916 1821 1005 1898 libr.
1018 1815 1128 1890 XIII.
1150 1841 1181 1890 s.
1207 1819 1286 1908 27,
1311 1826 1346 1891 et
1368 1819 1512 1916 suspicio
1537 1824 1661 1914 subest,
1685 1822 1831 1916 Livium,

230 1942 402 2014 dnmmodo
436 1938 621 2012 accuratius
652 1936 903 2032 diligendaeque
934 1934 1145 2008 vetustiorum
1177 1935 1313 2008 annales
1345 1937 1601 2033 pervolutasset,
1630 1941 1734 2012 multa
1764 1941 1833 2012 alia

229 2059 376 2156 reperire
399 2057 559 2153 potuisse.
610 2054 682 2130 Sed
705 2079 748 2127 uo
773 2061 901 2148 gratum
926 2053 1055 2148 quidem
1080 2053 1113 2126 oi
1135 2052 1238 2125 luisse
1264 2076 1395 2147 censeo,
1421 2057 1452 2128 si
1473 2057 1631 2152 pauciora
1653 2057 1832 2150 habuisset,

231 2199 315 2274 quae
348 2176 552 2272 increparet3
591 2197 690 2266 nam,
729 2179 767 2244 ut
795 2171 900 2244 libere
924 2172 1060 2268 loquar,
1099 2169 1186 2269 quod
1210 2171 1336 2265 sentio,
1375 2171 1493 2250 Livius
1518 2199 1642 2247 summo
1666 2175 1773 2247 studio
1797 2175 1833 2248 id

234 2295 343 2391 egisse
367 2292 447 2366 mibi
473 2287 620 2384 videtur,
650 2298 689 2363 ut
712 2289 844 2363 Valerii
867 2290 1093 2365 anctoritatem
1116 2290 1335 2364 immiuneret.
1386 2290 1474 2382 Quid
1506 2290 1619 2364 eniml
1658 2317 1766 2366 nouae
1791 2317 1835 2366 ex

237 2413 377 2485 aliorum
404 2412 502 2484 etiam
528 2410 700 2509 annalibus
719 2409 881 2504 permulta
903 2408 1011 2505 prodit
1035 2406 1240 2504 singularia?
1274 2433 1334 2482 cnr
1357 2408 1418 2484 bos
1435 2409 1610 2482 mendaces
1632 2435 1702 2498 non
1725 2421 1833 2506 vocat,

233 2553 352 2626 quum,
382 2529 440 2600 ubi
465 2527 745 2624 apuddntiatem
769 2527 845 2598 novi
870 2526 993 2622 aliquid
1016 2526 1158 2619 invenit,
1192 2525 1229 2597 id
1251 2526 1456 2600 mendacium
1479 2526 1595 2598 baberi
1617 2527 1720 2601 veliti
1770 2529 1833 2622 At,

233 2645 375 2718 lortasse
408 2645 526 2740 aliquis
559 2645 698 2738 dixerit,
735 2641 894 2719 Valerius
926 2643 1023 2740 plura
1048 2649 1081 2714 et
1105 2643 1279 2748 graviora,
1310 2667 1410 2740 qnam
1436 2644 1558 2736 oderi,
1599 2647 1739 2718 novavit.
1790 2646 1833 2721 Id

233 2764 365 2838 minime
391 2787 518 2853 verum3
557 2763 617 2836 alii
641 2787 764 2860 oeque,
798 2769 895 2858 atque
919 2761 998 2853 ille,
1031 2767 1068 2832 ut
1093 2760 1135 2832 de
1159 2760 1414 2834 dissensionibus
1440 2769 1586 2855 mecam,
1620 2765 1733 2858 quales
1757 2774 1834 2839 sunt

235 2907 290 2980 ap.
308 2880 387 2956 Liv.
413 2881 490 2953 libr.
513 2881 576 2953 28.
603 2879 994 2955 catecheseos.
1017 2879 1095 2950 libr.
1111 2879 1176 2957 42.
1198 2903 1230 2950 c.
1249 2880 1310 2950 ll.
1337 2879 1431 2970 alibi,
1450 2905 1582 2977 ¹pugnas
1605 2883 1834 2979 victoriasque,

234 3002 354 3074 ceteris
376 2999 589 3096 scriptoribus
604 2999 746 3094 ignotas,
771 3005 977 3096 receperunt.
1027 2995 1154 3069 Evolve
1177 2997 1292 3088 libros,
1319 2998 1434 3092 quibus
1460 3000 1626 3070 annalium
1650 3000 1834 3096 fragmenta

233 3120 450 3207 continentur,
477 3123 511 3192 et
534 3117 713 3213 intelliges,
738 3141 804 3189 nou
829 3115 986 3214 pauciora
1010 3116 1156 3188 eiusdem
1180 3114 1311 3209 generis
1336 3138 1378 3188 ex
1394 3117 1470 3190 aliis
1482 3119 1628 3214 potuisse
1648 3119 1833 3192 memorari.

234 3235 386 3308 Eandem
408 3258 506 3331 porro
520 3235 794 3326 malevolentiam
817 3235 885 3308 loci
911 3234 1075 3307 denudant
1103 3233 1182 3304 libr.
1208 3234 1272 3305 30.
1299 3257 1331 3305 o.
1358 3234 1402 3306 32
1453 3234 1583 3325 „llaec
1607 3261 1669 3334 por
1692 3240 1830 3312 nuncios

233 3352 368 3448 „magis
395 3351 543 3447 equidem
577 3359 654 3422 acta
678 3352 893 3442 crediderim,
928 3353 977 3440 (et
1000 3353 1048 3422 ita
1074 3374 1153 3447 pars
1177 3351 1283 3424 maior
1302 3358 1458 3436 ,auctores
1482 3358 1574 3442 snut)
1607 3379 1704 3450 quam
1727 3357 1835 3452 ipsum

234 3469 460 3566 „Syphacem
485 3475 522 3540 ut
545 3466 667 3556 Antias
683 3466 841 3542 Valerius
868 3467 988 3564 prodit,
1014 3468 1108 3538 eto.“
1133 3474 1168 3539 et
1190 3468 1268 3540 libr.
1294 3470 1359 3541 42.
1383 3493 1414 3542 o.
1438 3471 1527 3548 ‚llr'
1561 3471 1749 3567 „Attalum
1775 3498 1833 3546 re·

233 3588 313 3687 „gis
335 3584 495 3658 Eumenis
519 3583 675 3678 baben,
700 3585 844 3681 legatum
869 3585 996 3659 venisse
1027 3583 1187 3677 Romam,
1221 3585 1384 3670 ,Valerius
1408 3586 1529 3660 Antias
1560 3589 1613 3661 bis
1645 3592 1834 3666 consulibus

233 3705 389 3804 ,‚scribit,
415 3703 458 3778 ad
475 3702 652 3778 deferenda
676 3703 717 3776 de
731 3703 859 3778 Perseo
888 3703 1038 3795 crirnim,
1063 3703 1317 3802 indicandosque
1343 3704 1516 3802 adparatus
1541 3707 1633 3780 belli.
1684 3710 1834 3784 Plurinm

233 3825 415 3922 „auuules,
450 3830 484 3895 et
510 3823 625 3918 quibus
651 3821 831 3896 credidisse
855 3821 972 3914 malis,
1007 3823 1114 3919 ipsum
1138 3820 1322 3895 Eumenem
1346 3824 1473 3914 venisse
1498 3826 1685 3917 tradunt.“;
1716 3854 1834 3924 qnam·

234 3967 330 4042 quam
357 3939 443 4014 enim
478 3939 537 4012 alii
562 3964 636 4013 cnm
659 3939 798 4013 Valerio
824 3950 1078 4033 consenserunt,
1116 3949 1225 4016 amen
1250 3940 1370 4018 Livius
1403 3943 1473 4016 eins
1499 3944 1602 4027 sobna
1629 3969 1756 4034 nomeu
1770 3971 1834 4042 ap·

235 4062 356 4158 posuit.
407 4059 563 4156 Denique
590 4057 666 4156 quid
693 4059 733 4131 de
757 4057 857 4132 Livio
882 4059 1080 4151 iudicemus,
1106 4061 1162 4154 qui
1185 4060 1263 4132 libr.
1286 4060 1359 4134 ΙΠ.
1385 4085 1417 4134 c.
1444 4061 1482 4134 8.
1509 4068 1544 4133 et
1568 4086 1600 4134 e.
1627 4064 1710 4153 31„
1737 4088 1834 4161 quum

234 4177 334 4276 paulo
359 4184 438 4252 anto
463 4201 538 4273 cap.
565 4175 603 4250 b.
629 4175 768 4251 Valerio
795 4178 1044 4274 exprobrasset,
1071 4177 1157 4272 quod
1180 4177 1218 4249 in
1242 4179 1374 4274 antiqua
1396 4201 1436 4249 re
1460 4202 1601 4250 smmuas
1627 4203 1751 4273 eornm,
1777 4184 1833 4279 qui

235 4293 453 4388 cecidissent,
478 4295 652 4391 concipere
678 4319 778 4382 ausus
802 4300 912 4387 esset,
948 4301 1056 4368 certos
1083 4317 1256 4380 caesorum
1277 4317 1429 4368 numeros
1453 4297 1524 4391 ipse
1549 4320 1616 4367 uon
1640 4289 1840 4396 aspernatus

234 4420 298 4488 est.
348 4409 441 4486 Iusto
466 4413 613 4509 asperior
636 4411 737 4508 igitur
757 4413 959 4510 iniquiorque
983 4411 1081 4486 index
1106 4410 1188 4506 init,
1219 4436 1327 4510 neque
1352 4412 1450 4486 ubam
1476 4413 1548 4487 scio
1572 4439 1725 4510 musam,
1750 4443 1833 4516 qnae

233 4559 472 4580 m

238 4597 241 4604 Δ
285 4624 308 4690 ¹)
334 4625 427 4678 Plures
456 4628 520 4681 ratis
544 4640 665 4694 magnum
689 4625 911 4680 redvinllitudinls
928 4625 1042 4694 specium
1074 4641 1139 4695 prae
1165 4641 1197 4682 se
1227 4627 1321 4686 ieruut.
1366 4625 1398 4681 V.
1423 4641 1492 4695 quae
1512 4629 1575 4683 lutra
1598 4629 1649 4684 bac
1670 4631 1704 4683 de
1725 4647 1754 4683 ro
1778 4630 1832 4684 dis·

335 4723 428 4764 aeram.
